@misc{cakan2019neurolib,
author= {Cakan, Caglar and Metzner, Christoph and Jajcay, Nikola},
title = {neurolib: A Python simulation framework for easy whole-brain neural mass modeling},
year = {2019},
url = {github.com/neurolib-dev/neurolib},
}
@article{wilson1972excitatory,
  title={Excitatory and inhibitory interactions in localized populations of model neurons},
  author={Wilson, Hugh R and Cowan, Jack D},
  journal={Biophysical journal},
  volume={12},
  number={1},
  pages={1--24},
  year={1972},
  publisher={Elsevier}
}
@article{beierlein2003two,
  title={Two dynamically distinct inhibitory networks in layer 4 of the neocortex},
  author={Beierlein, Michael and Gibson, Jay R and Connors, Barry W},
  journal={Journal of neurophysiology},
  volume={90},
  number={5},
  pages={2987--3000},
  year={2003},
  publisher={American Physiological Society}
}
@article{tsodyks1997paradoxical,
  title={Paradoxical effects of external modulation of inhibitory interneurons},
  author={Tsodyks, Misha V and Skaggs, William E and Sejnowski, Terrence J and McNaughton, Bruce L},
  journal={Journal of neuroscience},
  volume={17},
  number={11},
  pages={4382--4388},
  year={1997},
  publisher={Soc Neuroscience}
}
@article{abbott1997synaptic,
  title={Synaptic depression and cortical gain control},
  author={Abbott, Larry F and Varela, JA and Sen, Kamal and Nelson, SB},
  journal={Science},
  volume={275},
  number={5297},
  pages={221--224},
  year={1997},
  publisher={American Association for the Advancement of Science}
}
@article{wehr2005synaptic,
  title={Synaptic mechanisms of forward suppression in rat auditory cortex},
  author={Wehr, Michael and Zador, Anthony M},
  journal={Neuron},
  volume={47},
  number={3},
  pages={437--445},
  year={2005},
  publisher={Elsevier}
}